<?xml version="1.0" encoding="UTF-8"?><collection><record><leader>05961ntm a2200637 a 4500</leader><controlfield tag="001">006836532</controlfield><controlfield tag="003">MiAaHDL</controlfield><controlfield tag="005">20190719000000.0</controlfield><controlfield tag="006">m        d        </controlfield><controlfield tag="007">cr bn ---auaua</controlfield><controlfield tag="008">090708s1825    xx            00| ||per d</controlfield><datafield tag="035" ind1=" " ind2=" "><subfield code="a">(MiU)006836532</subfield></datafield><datafield tag="035" ind1=" " ind2=" "><subfield code="a">sdr-miu006836532</subfield></datafield><datafield tag="040" ind1=" " ind2=" "><subfield code="a">MiU</subfield><subfield code="c">MiU</subfield><subfield code="e">amremm</subfield></datafield><datafield tag="043" ind1=" " ind2=" "><subfield code="a">n-us-mi</subfield><subfield code="a">a-ir---</subfield></datafield><datafield tag="100" ind1="1" ind2=" "><subfield code="6">880-01</subfield><subfield code="a">Mīr Khvānd, Muḥammad ibn Khāvandshāh,</subfield><subfield code="d">1433-1498.</subfield></datafield><datafield tag="240" ind1="1" ind2="0"><subfield code="6">880-02</subfield><subfield code="a">Rawz̤at al-ṣafāʼ.</subfield><subfield code="n">jild 1</subfield></datafield><datafield tag="245" ind1="1" ind2="0"><subfield code="6">880-03</subfield><subfield code="a">Jild-i avval-i Rawz̤at al-ṣafā,</subfield><subfield code="f">[1241, i.e. 1825].</subfield></datafield><datafield tag="246" ind1="3" ind2="8"><subfield code="a">Roozut ol Sufa I</subfield></datafield><datafield tag="246" ind1="3" ind2=" "><subfield code="i">Title from inscription on inner front flyleaf (p.3):</subfield><subfield code="a">مجلد اول روضة الصفا</subfield></datafield><datafield tag="260" ind1=" " ind2=" "><subfield code="c">[1825].</subfield></datafield><datafield tag="300" ind1=" " ind2=" "><subfield code="a">287 leaves :</subfield><subfield code="b">paper ;</subfield><subfield code="c">299 x 229 (225 x 145) mm. bound to 307 x 240 mm.</subfield></datafield><datafield tag="500" ind1=" " ind2=" "><subfield code="a">Shelfmark: Ann Arbor, University of Michigan, Special Collections Library, Isl. Ms. 860 v.1</subfield></datafield><datafield tag="500" ind1=" " ind2=" "><subfield code="a">Origin: As appears in colophon on p.574 (see also inscription on p.3), copied by Sayyid Mihr ʻAlī Raz̤avī with transcription completed 4 Rabīʻ I 1241 [ca. 17 October 1825].</subfield></datafield><datafield tag="500" ind1=" " ind2=" "><subfield code="a">Accompanying materials: a. Slip with note "Persian MSS (Heyworth-Dunne?) with Meredith-Owens notes" -- b. Slip with notes characterizing contents of the entire manuscript (all 8 volumes) in hand of G. Meredith-Owens "M.O. 8. Rawẓat al-ṣafā in 8 volumes. Several copied in 1241 by Sayyid Mahdī Qulī (?) Riẓavī. Vol 4 dated 1070. Vol.7 is dated 1250. Vol.8 is dated 1099. (last folio bound upside down)" -- c. Slip with note "counted for 1968/69 Annual Report" -- d. Partially damaged slip with notes [in hand of Elinor M. Husselman ?] describing contents "[Muḥammad] ibn Khāvand Shāh, ... Mīr Khvānd. Rawẓat al-ṣafā. A general history from creation. 8 v. (v. 7 here ?) of varying ... and hands. 19th cent. ... MS. in Mich. Collection #15"</subfield></datafield><datafield tag="500" ind1=" " ind2=" "><subfield code="a">Former shelfmark: Mich. Isl. Ms. temp. no. 9 v.1</subfield></datafield><datafield tag="500" ind1=" " ind2=" "><subfield code="a">Binding: Boards covered in light orange-brown leather decorated in "marble calf" manner ; Western style binding ; pastedowns and flyleaves in a light-blue surface-dyed wove paper ; spine in green and brown leather (now detached) gold-stamped with decorative bands and title "ROOZUT OL SUFA I" ; edges of text block red-flecked ; sewn in white thread over three recessed cords ; Western style worked endbands, damaged with tailband core split and headband detaching and core split ; overall in somewhat poor condition with abrasion and deterioration of leather, spine leather fully detached (exposing printed wasted lining) ; housed in box for protection.</subfield></datafield><datafield tag="500" ind1=" " ind2=" "><subfield code="a">Support: non-European (likely Indian, "هندوستانی" i.e. "Hindūstānī" according to note on front flyleaf, p.3) laid paper with 9 laid lines per cm. (horizontal, fairly distinct, curved) and faint chain lines occasionally visible, some inclusions, somewhat thin and transluscent though sturdy, dark cream in color, well-burnished.</subfield></datafield><datafield tag="500" ind1=" " ind2=" "><subfield code="a">Decoration: Keywords, headings and abbreviation symbols (mainly two-teeth stroke above keywords) rubricated ; some overlining also in red.</subfield></datafield><datafield tag="500" ind1=" " ind2=" "><subfield code="a">Script: Nastaʻlīq with elements of shikastah ; fine hand in a thin line ; serifless and compact with effect of words descending to baseline and tilt to the right, elongation of horizontal strokes, pointing casual and in strokes rather than distinct dots.</subfield></datafield><datafield tag="500" ind1=" " ind2=" "><subfield code="a">Layout: Written in 21 lines per page ; frame-ruled.</subfield></datafield><datafield tag="500" ind1=" " ind2=" "><subfield code="a">Collation: ii, 2 (2), 22 IV(178), IV+1 (187), 11 IV(275), V (285), 2 (287), ii ; chiefly quaternions ; catchwords present ; foliation in black ink, Hindu-Arabic numerals ; pagination in pencil, Western numerals, supplied during digitization (includes flyleaves).</subfield></datafield><datafield tag="500" ind1=" " ind2=" "><subfield code="a">Colophon: "Scribal," rectangular, reads "هذا تمام شد جلد اول روضة الصفا بتاریخ چهارم شهر ربیع الاول سنه ۱۲۴۱ ... تحریر نمود بخط خام سید مهر [؟] علی رضوی فقط"</subfield></datafield><datafield tag="500" ind1=" " ind2=" "><subfield code="a">Incipit: "زیب فهرست نسخه مفاخر انبیاء عالی مکان ..."</subfield></datafield><datafield tag="500" ind1=" " ind2=" "><subfield code="a">Title from heading of table of contents on p.5 and colophon on p.574.</subfield></datafield><datafield tag="500" ind1=" " ind2=" "><subfield code="a">Ms. codex.</subfield></datafield><datafield tag="510" ind1="4" ind2=" "><subfield code="a">B. Forbes Manz &amp; A. Beveridge, "Mīrkhwānd," In EI2.</subfield></datafield><datafield tag="510" ind1="4" ind2=" "><subfield code="a">Ḥājjī Khalīfah. Kashf al-ẓunūn,</subfield><subfield code="c">1/926</subfield></datafield><datafield tag="510" ind1="4" ind2=" "><subfield code="a">Storey,</subfield><subfield code="c">i, 92-101, 1236</subfield></datafield><datafield tag="510" ind1="4" ind2=" "><subfield code="a">Cat. Pers. MSS. Brit. Mus.,</subfield><subfield code="c">p.87 ff.</subfield></datafield><datafield tag="520" ind1="8" ind2=" "><subfield code="a">Fine copy of the first volume, addressing the creation to Yazdegerd, of the celebrated universal history Rawz̤at al-ṣafāʼ fī sīrat al-anbiyāʼ va al-mulūk va al-khulafāʼ by the Tīmūrid historian Muḥammad ibn Khvāndshāh Mīr Khvānd (d.1498). Table of contents at opening (pp.5-8).</subfield></datafield><datafield tag="538" ind1=" " ind2=" "><subfield code="a">Mode of access: Internet.</subfield></datafield><datafield tag="541" ind1=" " ind2=" "><subfield code="c">Gift ;</subfield><subfield code="a">Acquired from Frank E. Nuttall (1875-1943).</subfield></datafield><datafield tag="546" ind1=" " ind2=" "><subfield code="a">Persian.</subfield></datafield><datafield tag="561" ind1=" " ind2=" "><subfield code="a">Inscription with title "Roozut ol Sufa" and book price on verso of front flyleaf (p.2) ; inscription on inner front flyleaf (p.3) with title, description of contents for this volume, copyist (سید مهر علی) and author details on inner front flyleaf ; occasional marginal corrections.</subfield></datafield><datafield tag="650" ind1=" " ind2="0"><subfield code="a">Manuscripts, Persian</subfield><subfield code="z">Michigan</subfield><subfield code="z">Ann Arbor.</subfield></datafield><datafield tag="650" ind1=" " ind2="0"><subfield code="a">Prophets, Pre-Islamic</subfield><subfield code="v">Early works to 1800.</subfield></datafield><datafield tag="650" ind1=" " ind2="0"><subfield code="a">World history</subfield><subfield code="v">Early works to 1800.</subfield></datafield><datafield tag="651" ind1=" " ind2="0"><subfield code="a">Iran</subfield><subfield code="x">History</subfield><subfield code="y">To 640.</subfield><subfield code="v">Early works to 1800.</subfield></datafield><datafield tag="700" ind1="1" ind2=" "><subfield code="a">Nuttall, Frank E.,</subfield><subfield code="d">1875-1943,</subfield><subfield code="e">former owner.</subfield></datafield><datafield tag="700" ind1="0" ind2=" "><subfield code="6">880-07</subfield><subfield code="a">Mihr ʻAlī Raz̤avī,</subfield><subfield code="d">fl. 1825,</subfield><subfield code="e">scribe.</subfield></datafield><datafield tag="773" ind1="0" ind2=" "><subfield code="a">F. E. Nuttall Collection.</subfield></datafield><datafield tag="880" ind1="0" ind2=" "><subfield code="6">700-07/</subfield><subfield code="a">مهر على رضوى,</subfield><subfield code="e">ناسخ.</subfield></datafield><datafield tag="880" ind1="1" ind2="0"><subfield code="6">245-03/</subfield><subfield code="a">جلد اول روضة الصفا</subfield><subfield code="f">[1241ه, 1825م].</subfield></datafield><datafield tag="880" ind1="1" ind2="0"><subfield code="6">240-02/</subfield><subfield code="a">روضة الصفا.</subfield><subfield code="n">جلد 1</subfield></datafield><datafield tag="880" ind1="1" ind2=" "><subfield code="6">100-01/</subfield><subfield code="a">مير جواند، محمد بن جواندشاه.</subfield></datafield><datafield tag="CID" ind1=" " ind2=" "><subfield code="a">006836532</subfield></datafield><datafield tag="DAT" ind1="0" ind2=" "><subfield code="a">20190719102641.0</subfield><subfield code="b">20190719000000.0</subfield></datafield><datafield tag="DAT" ind1="1" ind2=" "><subfield code="a">20190719090653.0</subfield><subfield code="b">2019-07-19T16:10:29Z</subfield></datafield><datafield tag="DAT" ind1="2" ind2=" "><subfield code="a">2015-10-02T18:00:03Z</subfield></datafield><datafield tag="CAT" ind1=" " ind2=" "><subfield code="a">SDR-MIU</subfield><subfield code="d">EX LIBRIS - ALEPH</subfield><subfield code="l">prepare.pl-004-008</subfield></datafield><datafield tag="FMT" ind1=" " ind2=" "><subfield code="a">BK</subfield></datafield><datafield tag="HOL" ind1=" " ind2=" "><subfield code="0">sdr-miu006836532</subfield><subfield code="a">MiU</subfield><subfield code="b">SDR</subfield><subfield code="c">MIU</subfield><subfield code="p">mdp.39015079132307</subfield><subfield code="s">MIU</subfield><subfield code="1">006836532</subfield></datafield><datafield tag="974" ind1=" " ind2=" "><subfield code="b">MIU</subfield><subfield code="c">MIU</subfield><subfield code="d">20190719</subfield><subfield code="s">lit-dlps-dc</subfield><subfield code="u">mdp.39015079132307</subfield><subfield code="y">1825</subfield><subfield code="r">pd</subfield><subfield code="q">bib</subfield><subfield code="t">non-US bib date1 &lt; 1896</subfield></datafield></record></collection>